<?xml version="1.0" encoding="UTF-8"?><collection xmlns="http://www.loc.gov/MARC21/slim"><record><leader>00517nam--2200193-u-4500</leader><controlfield tag="001">000052717</controlfield><controlfield tag="002">20161230</controlfield><controlfield tag="005">20161230201050</controlfield><controlfield tag="008">101005s1000------------r-----000-0-rum-d</controlfield><datafield ind1=" " ind2=" " tag="020"><subfield code="a">9737603273</subfield></datafield><datafield ind1=" " ind2=" " tag="040"><subfield code="a">IFIN-HH</subfield></datafield><datafield ind1=" " ind2=" " tag="041"><subfield code="a">rum</subfield></datafield><datafield ind1=" " ind2=" " tag="080"><subfield code="a">533.9(075.8)</subfield></datafield><datafield ind1="1" ind2=" " tag="100"><subfield code="a">Dimitriu, Dan-Gheorghe</subfield></datafield><datafield ind1="1" ind2="0" tag="245"><subfield code="a">Instabilitati electrostatice in plasma masinii Q</subfield><subfield code="c">Dan-Gheorghe Dimitriu</subfield></datafield><datafield ind1=" " ind2=" " tag="260"><subfield code="a">Iasi</subfield><subfield code="b">Casa Editoriala Demiurg</subfield><subfield code="c">2006</subfield></datafield><datafield ind1=" " ind2=" " tag="300"><subfield code="a">432 p</subfield></datafield><datafield ind1=" " ind2=" " tag="852"><subfield code="a">81752</subfield><subfield code="c">533.9</subfield></datafield><datafield ind1=" " ind2=" " tag="CAT"><subfield code="a">Sys</subfield><subfield code="c">20101005</subfield><subfield code="h">102902</subfield></datafield></record></collection>